@article{SIFT,
 author = {Lowe, David G.},
 title = {Distinctive Image Features from Scale-Invariant Keypoints},
 journal = {Int. J. Comput. Vision},
 issue_date = {November 2004},
 volume = {60},
 number = {2},
 month = nov,
 year = {2004},
 issn = {0920-5691},
 pages = {91--110},
 numpages = {20},
 url = {http://dx.doi.org/10.1023/B:VISI.0000029664.99615.94},
 doi = {10.1023/B:VISI.0000029664.99615.94},
 acmid = {996342},
 publisher = {Kluwer Academic Publishers},
 address = {Hingham, MA, USA},
 keywords = {image matching, invariant features, object recognition, scale invariance},
} 

@INPROCEEDINGS{humanGestures, 
author={M. Murugeswari and S. Veluchamy}, 
booktitle={2014 IEEE International Conference on Advanced Communications, Control and Computing Technologies}, 
title={Hand gesture recognition system for real-time application}, 
year={2014}, 
pages={1220-1225}, 
keywords={feature extraction;gesture recognition;image classification;pattern clustering;support vector machines;transforms;vector quantisation;SIFT;bag-of-feature approach;hand gesture recognition system;histogram vectors;k-means clustering;keypoint extraction;multiclass SVM classifier;robot movement control;scale invariant feature transform;single sensing device;support vector machine;unified dimensional histogram vector;vector quantization;Cameras;Feature extraction;Gesture recognition;Lighting;Robots;Support vector machines;Training;Bag-of-features;Human to machine interaction;K-mean;scale invariant feature transform (SIFT);support vector machine (SVM)}, 
doi={10.1109/ICACCCT.2014.7019293}, 
month={May},}

@article{panorama,
 author = {Brown, Matthew and Lowe, David G.},
 title = {Automatic Panoramic Image Stitching Using Invariant Features},
 journal = {Int. J. Comput. Vision},
 issue_date = {August    2007},
 volume = {74},
 number = {1},
 month = aug,
 year = {2007},
 issn = {0920-5691},
 pages = {59--73},
 numpages = {15},
 url = {http://dx.doi.org/10.1007/s11263-006-0002-3},
 doi = {10.1007/s11263-006-0002-3},
 acmid = {1265141},
 publisher = {Kluwer Academic Publishers},
 address = {Hingham, MA, USA},
 keywords = {multi-image matching, recognition, stitching},
} 


@ARTICLE{edgeDetection, 
author={M. Basu}, 
journal={IEEE Transactions on Systems, Man, and Cybernetics, Part C (Applications and Reviews)}, 
title={Gaussian-based edge-detection methods-a survey}, 
year={2002}, 
volume={32}, 
number={3}, 
pages={252-260}, 
keywords={computer vision;edge detection;filtering theory;Gaussian filter;Gaussian-based edge-detection methods;computer vision;image processing;linear methods;nonlinear methods;survey;Computer vision;Detectors;Filters;Gaussian processes;Helium;Image edge detection;Image processing;Layout;Object recognition;Smoothing methods}, 
doi={10.1109/TSMCC.2002.804448}, 
ISSN={1094-6977}, 
month={Aug},}

@article{SURF,
 author = {Bay, Herbert and Ess, Andreas and Tuytelaars, Tinne and Van Gool, Luc},
 title = {Speeded-Up Robust Features (SURF)},
 journal = {Comput. Vis. Image Underst.},
 issue_date = {June, 2008},
 volume = {110},
 number = {3},
 month = jun,
 year = {2008},
 issn = {1077-3142},
 pages = {346--359},
 numpages = {14},
 url = {http://dx.doi.org/10.1016/j.cviu.2007.09.014},
 doi = {10.1016/j.cviu.2007.09.014},
 acmid = {1370556},
 publisher = {Elsevier Science Inc.},
 address = {New York, NY, USA},
 keywords = {Camera calibration, Feature description, Interest points, Local features, Object recognition},
} 

@INPROCEEDINGS{aperture, 
author={T. Xue and H. Mobahi and F. Durand and W. T. Freeman}, 
booktitle={2015 IEEE Conference on Computer Vision and Pattern Recognition (CVPR)}, 
title={The aperture problem for refractive motion}, 
year={2015}, 
pages={3386-3394}, 
keywords={image colour analysis;image motion analysis;image sequences;refraction;1D structure movement;air flow imaging;aperture problem;camera;image locations;local aperture;local image gradient;local image motion;motion components;moving image;moving refractive elements;optical flow algorithms;optical flow estimation;refractive motion;static background;telescope observation;Apertures;Cameras;Distortion;Glass;Image edge detection;Shape}, 
doi={10.1109/CVPR.2015.7298960}, 
ISSN={1063-6919}, 
month={June},}

@online{quadraticFunction,
	url = {http://inside.mines.edu/~whoff/courses/EENG512/lectures/12-SIFT.pdf},
}

@online{Lenna, 
	author = {USC SIPI Image Database},
    title = {Lenna},
    url = {http://sipi.usc.edu/database/database.php?volume=misc&image=12#top}
}